@article{nunez2017,
    title={Source code metrics: A systematic mapping study},
    author={Nuñez-Varela, A.S. and Pérez-González, H.G. and Martínez-Pérez, F.E. and Soubervielle-Montalvo, C.},
    journal={Journal of Systems and Software},
    year={2017},
    volume={128},
    pages={164-197},
    doi={10.1016/j.jss.2017.03.044}
}

@article{tahir2021,
    title={A systematic mapping study on dynamic metrics and software quality},
    author={Tahir, A. and MacDonell, S.G.},
    journal={Proceedings of the 28th IEEE International Conference on Software Maintenance},
    year={2012},
    pages={326-335},
    doi={10.48550/arXiv.2101.03669}
}

@article{darwish2023,
    title={A Notional Understanding of the Relationship between Code Readability and Software Complexity},
    author={Darwish, O. and Al-Eidi, S. and Darweesh, D. and Karajeh, O.},
    journal={Information},
    year={2023},
    volume={14},
    number={2},
    pages={81-95},
    doi={10.3390/info14020081}
}
