@article{xu2023,
    title={Agile Software Requirements Engineering Challenges-Solutions—A Conceptual Framework from Systematic Literature Review},
    author={Mark Xu},
    journal={Information},
    year={2023},
    volume={14},
    number={6},
    pages={322},
    doi={10.3390/info14060322}
}

@article{inderscience2023,
    title={International Journal of Information and Computer Security},
    author={Inderscience Publishers},
    year={2023},
    journal={IJICS},
    url={https://www.inderscience.com/jhome.php?jcode=ijics}
}

@article{nature2023,
    title={Hundreds of ‘predatory’ journals indexed on leading scholarly database},
    author={Nature},
    year={2023},
    journal={Nature},
    url={https://www.nature.com/articles/d41586-023-01415-7}
}

@article{mdpi2023,
    title={An Integrated Approach to Cyber Risk Management with Cyber Threat Intelligence Framework to Secure Critical Infrastructure},
    author={Habib El Amin, Abed Ellatif Samhat, Maroun Chamoun, Lina Oueidat, Antoine Feghali},
    journal={Journal of Cybersecurity and Privacy},
    year={2023},
    volume={4},
    number={2},
    pages={382-387},
    doi={10.3390/jcp4020019}
}
