@article{almeida2023,
    title={Perceived Importance of Metrics for Agile Scrum Environments},
    author={Fernando Almeida and Pedro Carneiro},
    journal={Information},
    year={2023},
    volume={14},
    number={6},
    pages={327},
    doi={10.3390/info14060327}
}

@article{cloudbees2023,
    title={Three Metrics for Measuring Engineering Efficiency},
    author={CloudBees Blog},
    year={2023},
    journal={CloudBees Blog},
    url={https://www.cloudbees.com/blog/three-metrics-for-measuring-engineering-efficiency}
}

@article{huss2023,
    title={Comparing Measured Agile Software Development Metrics Using an Agile Model-Based Software Engineering Approach versus Scrum Only},
    author={Moe Huss, Daniel R. Herber, John M. Borky},
    journal={Software},
    year={2023},
    volume={2},
    number={3},
    pages={310-331},
    doi={10.3390/software2030015}
}

@article{gao2023,
    title={Scalability analysis comparisons of cloud-based software services},
    author={Gao, Zhen and Vasar, Mihkel and Hwang, John},
    journal={Journal of Cloud Computing},
    year={2023},
    volume={12},
    pages={5-22},
    url={https://journalofcloudcomputing.springeropen.com/articles/10.1186/s13677-023-00250-5}
}

@article{xu2023,
    title={Agile Software Requirements Engineering Challenges-Solutionsâ€”A Conceptual Framework from Systematic Literature Review},
    author={Mark Xu},
    journal={Information},
    year={2023},
    volume={14},
    number={6},
    pages={322},
    doi={10.3390/info14060322}
}
